@misc{formalis,
  title={Formális Nyelvek és Automaták},
  author={Dömösi Pál, Falucskai János, Horváth Géza, Mecsei Zoltán, Nagy Benedek},
  url={https://gyires.inf.unideb.hu/KMITT/b24/}
}

@article{ivan2001formalis,
  title={Form{\'a}lis nyelvek},
  author={Iv{\'a}n, Bach},
  journal={Typotex, Budapest},
  volume={6},
  year={2001}
}

@techreport{scowen1998extended,
  title={Extended BNF-a generic base standard},
  author={Scowen, Roger S},
  year={1998},
  institution={Technical report, ISO/IEC 14977. http://www. cl. cam. ac. uk/mgk25/iso-14977. pdf}
}
